% This file was created with JabRef 2.9b2.
% Encoding: UTF-8

@BOOK{hadopi,
  title = {La bataille Hadopi},
  publisher = {In Libro Veritas},
  year = {2009},
  author = {Collectif d'auteurs},
  pages = {245}
}

@BOOK{aigrain2008internet,
  title = {Internet \& Cr{\'e}ation},
  publisher = {In Libro Veritas},
  year = {2008},
  author = {Aigrain, P.}
}

@BOOK{benkler2009richesse,
  title = {La richesse des r{\'e}seaux: march{\'e}s et libert{\'e}s {\`a} l'heure
	du partage social},
  publisher = {Presses universitaires de Lyon},
  year = {2009},
  author = {Benkler, Y. and Clercq-Roques, A.}
}

@BOOK{opendata,
  title = {L’open data, comprendre l’ouverture des données publiques},
  publisher = {Fyp},
  year = {2012},
  author = {Simon Chignard}
}

@BOOK{florent2004bon,
  title = {Du bon usage de la piratrerie: culture libre, science ouverte},
  publisher = {Exils},
  year = {2004},
  author = {Florent, L.}
}

@BOOK{lessig2005avenir,
  title = {L'avenir des id{\'e}es},
  publisher = {Presses universitaires de Lyon},
  year = {2005},
  author = {Lessig, L.}
}

@BOOK{lessig2004culture,
  title = {Culture libre},
  publisher = {Presses Universitaires de Lyon},
  year = {2004},
  author = {Lessig, L.}
}

@BOOK{candy,
  title = {Au pays de Candy},
  publisher = {Owni Éditions},
  year = {2012},
  author = {Manach, J.M.}
}

@BOOK{manach2010vie,
  title = {La vie priv{\'e}e, un probl{\`e}me de vieux cons?},
  publisher = {Fyp},
  year = {2010},
  author = {Manach, J.M.}
}

@ARTICLE{propositions,
  author = {La Quadrature du Net},
  title = {Propositions},
  journal = {http://lqdn.net},
  year = {2012}
}

@BOOK{perline2004bataille,
  title = {La bataille du logiciel libre},
  publisher = {La D{\'e}couverte },
  year = {2004},
  author = {Perline, N.T.}
}

@ARTICLE{raymond1998cathedrale,
  author = {Raymond, E.S.},
  title = {La cath{\'e}drale et le bazar},
  year = {1998}
}

@BOOK{sagot2002propriete,
  title = {La propri{\'e}t{\'e} intellectuelle, c’est le vol!},
  publisher = {Les presses du réel},
  year = {2002},
  author = {Sagot-Duvauroux, D.},
  pages = {38}
}

@BOOK{Smiers2011,
  title = {Un monde sans copyright, et sans monopole},
  publisher = {Framasoft},
  year = {2011},
  author = {Smiers, J. and Van Schijndel, M.}
}

@BOOK{smiers2011monde,
  title = {Un monde sans copyright... et sans monopole},
  publisher = {Framasoft},
  year = {2011},
  author = {Smiers, Joost and Van Schijndel, Marieke and Commons, Creative}
}

@BOOK{stallman2010richard,
  title = {Richard Stallman et la r{\'e}volution du logiciel libre: une biographie
	autoris{\'e}e},
  publisher = {Editions Eyrolles},
  year = {2010},
  author = {Stallman, R.M. and Williams, S. and Masutti, C.}
}

